@online{AvWeekUAV,
 author = {Jesus, Diaz},
 title = {USAF абвгдейка Confirms New Secret Stealth Plane},
 year = {2009},
 howpublished = {\url{http://gizmodo.com/5419363/usaf-confirms-new-secret-stealth-plane}}
 }